% book krever author, title, publisher, year
% article krever author, title, journal, year
% Ikke glem å kjøre bibtex når du har oppdatert denne

@book{TelKat,
editor		=	"Ukjent",
title		=	"Telefonkatalogen for Akershus",
publisher	=	"Gule Sider AS",
year		=	"1993",
}

@book{GenNarD,
author		=	"Gerard Genette",
title		=	"Narrative Discourse : An Essay in Method",
publisher	=	"Cornell University Press",
year		=	"1980",
address		= 	"New York",
}

@book{QuantMech,
author		=	"Franz Schwabl",
title		=	"Advanced Quantum Mechanics",
edition		=	"3",
publisher	=	"Springer-Verlag",
year		=	"2000",
address		=	"Berlin",
}